%Este trabalho está licenciado sob a Licença Creative Commons Atribuição-CompartilhaIgual 3.0 Não Adaptada. Para ver uma cópia desta licença, visite http://creativecommons.org/licenses/by-sa/3.0/ ou envie uma carta para Creative Commons, PO Box 1866, Mountain View, CA 94042, USA.

@book{numerical,
  title={Numerical Recipes 3rd Edition: The Art of Scientific Computing},
  author={Press, W.H.},
  isbn={9780521880688},
  lccn={89015841},
  url={https://books.google.com.br/books?id=1aAOdzK3FegC},
  year={2007},
  publisher={Cambridge University Press}
}


@Unpublished{CALSCI,
  author = 	 {{Todos os Colaboradores}},
  title = 	 {Cálculo Numérico - Um Livro Colaborativo - Versão com Scilab},
  note = 	 {disponível em \url{https://www.ufrgs.br/numerico/livro/main.html}},
  month = 	 {Novembro},
  year = 	 {2016}
}

@Book{Burden2013,
  author = 	 {Burden, R.L. and Faires, J.D.},
  title = 	 {Análise Numérica},
  publisher = 	 {Cengage Learning},
  year = 	 {2013},
  edition = 	 {8},
}

@Misc{Cecill,
  title = 	 {Cecill and free sofware},
  howpublished = {\url{http://www.cecill.info}},
  note = 	 {Acessado em 30 de julho de 2015}
}

@book{DEMAILLY,
   author  = {Demailly, J. P.},
   TITLE   = {Analyse Numérique et Équations Differentielles} ,
		edition={Nouvelle Édition},
   publisher = {EDP Sciences},
   YEAR = {2006},
   address = {Grenoble}
}

@book{Isaacson1994a,
   author  = {Isaacson, E. and Keller, H.B.},
   TITLE   = {Analysis of numerical methods} ,
   publisher = {Dover},
   YEAR = {1994},
   address = {Ontário}
}


@Inbook{iserles1996fcn,
   author="Iserles, Arieh",
   editor="Cucker, Felipe and Shub, Michael",
   title="Numerical Methods on (and off) Manifolds",
   bookTitle="Foundations of Computational Mathematics: Selected Papers of a Conference Held at Rio de Janeiro, January 1997",
   year="1997",
   publisher="Springer Berlin Heidelberg",
   address="Berlin, Heidelberg"
}
 %  pages="180--189",
 %  isbn="978-3-642-60539-0",
 %  doi="10.1007/978-3-642-60539-0_13",
 %  url="http://dx.doi.org/10.1007/978-3-642-60539-0_13"



@article{Gautschi,
   author  = {Walter Gautschi and Gabriele Inglese}, 
   TITLE   = {Lower bounds for the condition number of Vandermonde matrices},
   YEAR    = "1987/1988",
   JOURNAL = "Numerische Mathematik",
   VOLUME  = "52",
   NUMBER = "3",
   PAGES   = "241--250"
}

@article{gautschi1997numerical,
  title={Numerical Analysis: An Introduction Birkhauser},
  author={Gautschi, W},
  journal={Barton, Mass, USA},
  year={1997}
}


@Booklet{Rannacher2006,
  title = 	 {Einführung in die Numerische Mathematik (Numerik 0)},
  author = 	 {Rannacher, R.},
  address = 	 {\url{http://numerik.uni-hd.de/~lehre/notes/num0/numerik0.pdf}},
  note = 	 {Acessado em 10.08.2014}
}

@Misc{Scilab15,
  author = 	 {Baudin, M.},
  title = 	 {Introduction to Scilab},
  howpublished = {\url{http://forge.scilab.org/index.php/p/docintrotoscilab/}},
  note = 	 {Acessado em 30 de julho de 2015}
}

@Misc{Guidi2016,
  author = 	 {Guidi, L.F.},
  title = 	 {Notas da disciplina Cálculo Numérico},
  howpublished = {\url{http://www.mat.ufrgs.br/~guidi/grad/MAT01169/calculo_numerico.pdf}},
  note = 	 {Acessado em julho de 2016}
}

